@misc{Most_Popular_Social_Media,
 	title = "Top 15 Most Popular Social Networking Sites",
 	year = "2016",
	howpublished = {\url{<http://www.ebizmba.com/articles/social-networking-websites}},
 	note = "[Online; accessed 28-September-2016]",
 }
 
@misc{TechHuiQuestions,
	author = "Philip Johnson",
	title = {Three Bad Things About Being an ICS Student},
	year = "2008",
	howpublished = {\url{<http://www.techhui.com/group/uhicsstudents/forum/topics/1702911:Topic:20093 >}},
	organization = {TechHui},
	note = "[Online; accessed 4-October-2016]",
}

@misc{STAR,
	title = {STAR University of Hawaii},
	year = "2016",
	howpublished = {\url{<https://www.star.hawaii.edu:10012/studentinterface/>}},
	organization = {STAR},
	note = "[Online; accessed 4-October-2016]",
}

@misc{Blackboard,
	title = {Blackboard Planner},
	year = "2016",
	howpublished = {\url{<http://www.blackboard.com/sites/bbplanner/>}},
	organization = {Blackboard},
	note = "[Online; accessed 10-October-2016]",
}

@misc{Starfish,
	title = {Starfish by Hobsons},
	year = "2016",
	howpublished = {\url{<http://www.starfishsolutions.com/>}},
	organization = {Hobsons},
	note = "[Online; accessed 4-October-2016]",
}

@misc{Coursicle,
	title = {Coursicle},
	year = "2016",
	howpublished = {\url{<http://www.coursicle.com>}},
	organization = {Coursicle},
	note = "[Online; accessed 4-October-2016]",
}

@misc{CollegeScheduler,
	title = {College Scheduler},
	year = "2016",
	howpublished = {\url{<http://www.collegescheduler.com>}},
	organization = {Civitas Learning},
	note = "[Online; accessed 4-October-2016]",
}

@misc{LinkedIn,
	title = {LinkedIn},
	year = "2016",
	howpublished = {\url{<http://www.linkedin.com>}},
	organization = {LinkedIn},
	note = "[Online; accessed 4-October-2016]",
}

@misc{TechHui,
	title = {TechHui},
	year = "2016",
	howpublished = {\url{<http://www.techhui.com>}},
	organization = {TechHui},
	note = "[Online; accessed 4-October-2016]",
}

@misc{RateMyProfessors,
	title = {Rate My Professors},
	year = "2016",
	howpublished = {\url{<http://www.ratemyprofessors.com>}},
	organization = {RateMyProfessors},
	note = "[Online; accessed 4-October-2016]",
}

@misc{SummonersWar,
	title = {Summoners War},
	year = "2016",
	howpublished = {\url{<http://www.summonerswar.co>}},
	organization = {Com2us},
	note = "[Online; accessed 4-October-2016]",
}

@misc{Hearthstone,
	title = {Hearthstone},
	year = "2016",
	howpublished = {\url{<http://us.battle.net/hearthstone/en/>}},
	organization = {Blizzard},
	note = "[Online; accessed 4-October-2016]",
}

@misc{LeagueOfLegends,
	title = {League Of Legends},
	year = "2016",
	howpublished = {\url{<http://play.na.leagueoflegends.com/en_US>}},
	organization = {Riot Games},
	note = "[Online; accessed 4-October-2016]",
}

@misc{Overwatch,
	title = {Overwatch},
	year = "2016",
	howpublished = {\url{<https://playoverwatch.com/en-us/>}},
	organization = {Blizzard},
	note = "[Online; accessed 4-October-2016]",
}

@misc{PokemonGo,
	title = {Pokemon Go},
	year = "2016",
	howpublished = {\url{<http://pokemongo.nianticlabs.com/en/>}},
	organization = {Niantic Labs},
	note = "[Online; accessed 4-October-2016]",
}

@ARTICLE{Carini,
	author = {Carini, Robert and Kuh, George and Klein, Stephen},
	doi = {10.1007/s11162-005-8150-9},
	journal = {Research in Higher Education},
	volume = {47},
	title = {{Student Engagement and Student Learning}},
	year = {2006},
}

@ARTICLE{Junco,
	author = {Junco, R. and Heiberger, G. and Loken, E.},
	doi = {10.1111/j.1365-2729.2010.00387},
	journal = {Journal of Computer Assisted Learning},
	title = {{The effect of Twitter on college student engagement and grades}},
	year = {2010},
}

@ARTICLE{Kuh,
	author = {Kuh, George and Cruce, Ty and Shoup, Rick and Kinzie, Jilian},
	doi = {10.1353/jhe.0.0019},
	journal = {Research in Higher Education},
	volume = {79},
	title = {{Unmasking the Effects of Student Engagement on First-Year College Grades and Persistence}},
	year = {2008},
}

@ARTICLE{Chen,
	author = {Daniel Chen, Pu-Shih and Lambert, Amber and Guidry, Kevin},
	doi = {10.1016},
	journal = {Computers And Education},
	volume = {54},
	title = {{Engaging online learners: The impact of Web-based learning technology on college student engagement}},
	year = {2009},
}

@ARTICLE{Handelsman,
	author = {Handelsman, Mitchell and Briggs, William and Sullivan, Nora and Towler, Annette},
	journal = {Journal of Educational Research},
	volume = {98},
	title = {{A Measure of College Student Course Engagement}},
	year = {2005},
}

@ARTICLE{Junco2011,
	author = {Junco, Reynol},
	journal = {Computers and Education},
	volume = {58},
	title = {{The relationship between frequency of Facebook use, participation in Facebook activities, and student engagement}},
	year = {2011},
}

@ARTICLE{Zhao,
	author = {Zhao, Chun-Mei and Kuh, George},
	journal = {Research in Higher Education},
	volume = {45},
	title = {{Adding Value: Learning Communities and Student Engagement}},
	year = {2004},
}

@ARTICLE{Kuh2001,
	author = {Kuh, George},
	journal = {Change},
	volume = {33},
	title = {{Assessing what really matters to student learning: inside the national survey of student engagement}},
	year = {2001},
}

@ARTICLE{Kuh2003,
	author = {Kuh, George},
	journal = {Change},
	volume = {35},
	title = {{What we're learning about student engagement from NSSE: Benchmarks for effective educational practice}},
	year = {2003},
}

@ARTICLE{Huang,
	author = {Hsin-Yuan Huang, Wendy and Soman, Dilip},
	journal = {Research Report Series Behavioral Economics in Action},
	title = {{Gamification in Education}},
	year = {2013},
}

@ARTICLE{Deterding,
	author = {Deterding, Sebastian and Dixon, Dan and Khaled, Rilla and Nacke, Lennart},
	journal = {Proceedings of MindTrek},
	title = {{From game design elements to gamefulness: Defining gamification}},
	year = {2011},
}

@misc{Nike,
 	title = "Nikeplus",
 	year = "2017",
	howpublished = {\url{<http://nikeplus.com}},
 	note = "[Online; accessed 1-July-2017]",
 }
 
 @misc{Serious_Games,
 	title = "What is a serious game, gamification",
 	year = "2013",
	howpublished = {\url{<http://www.designingdigitally.com/blog/2013/08/gamification-or-serious-game-whats-difference}},
 	note = "[Online; accessed 1-July-2017]",
 }
 
  @misc{khan_academy,
  	author="Bruenner, Eric",
 	title = "Play to Learn With Khan Academy",
 	year = "2011",
	howpublished = {\url{<http://www.gamification.co/2011/05/26/quests-skill-trees-for-learning-with-khan-academy/}},
 	note = "[Online; accessed 1-July-2017]",
 }
 
 @ARTICLE{Koepp,
	author = {Koepp, MJ and Gunn, RN and Lawrence, AD and Cunningham, VJ and Dagher, A. and Jones, T. and Brooks, DJ and Bench, CJ and Grasby, PM},
	journal = {Nature},
	title = {{Evidence for striatal dopamine release during a video game}},
	year = {1998},
}
 
  @misc{gamification,
 	title = "Game mechanics",
 	year = "2011",
	howpublished = {\url{<http://www.gamification.org/wiki/Encyclopedia}},
 	note = "[Online; accessed 1-July-2017]",
 }
 
 @ARTICLE{Zyda,
	author = {Zyda, Michael},
	journal = {IEEE Computer},
	title = {{From visual simulation to virtual reality to games}},
	year = {2005},
}